@article{owen2020dropping,
  title={On dropping the first {Sobol}' point},
  author={Owen, Art B},
  journal={arXiv preprint arXiv:2008.08051},
  year={2020}
}