@article{srivastava2014dropout,
  title={Dropout: a simple way to prevent neural networks from overfitting},
  author={Srivastava, Nitish and Hinton, Geoffrey and Krizhevsky, Alex and Sutskever, Ilya and Salakhutdinov, Ruslan},
  journal={The Journal of Machine Learning Research},
  volume={15},
  number={1},
  pages={1929--1958},
  year={2014}
 }
@article{chen2019hierarchical,
  title={A hierarchical expected improvement method for {B}ayesian optimization},
  author={Chen, Zhehui and Mak, Simon and Wu, CF},
  journal={arXiv preprint arXiv:1911.07285},
  year={2019}
}
@article{kass1995bayes,
  title={Bayes factors},
  author={Kass, Robert E and Raftery, Adrian E},
  journal={Journal of the American Statistical Association},
  volume={90},
  number={430},
  pages={773--795},
  year={1995},
  publisher={Taylor \& Francis}
}
@article{chen2018stein,
  title={Stein points},
  author={Chen, Wilson Ye and Mackey, Lester and Gorham, Jackson and Briol, Fran{\c{c}}ois-Xavier and Oates, Chris J},
  journal={arXiv preprint arXiv:1803.10161},
  year={2018}
}