@article{AD14,
  title={Low-discrepancy point sets for non-uniform measures},
  author={Aistleitner, Christoph and Dick, Josef},
  journal={Acta Arithmetica},
  volume={163},
  pages={345--369},
  year={2014}
}
@book{DP10,
  author={Dick, Josef and Pillichshammer, Friedrich},
  title={Digital Nets and Sequences. Discrepancy Theory and quasi-Monte Carlo Integration},
  publisher={Cambridge University Press, Cambridge},
  year={2010}  
}
@incollection{Bot2010,
  title={Large-scale machine learning with stochastic gradient descent},
  author={Bottou, L{\'e}on},
  booktitle={Proceedings of COMPSTAT'2010},
  pages={177--186},
  year={2010},
  publisher={Springer}
}
@article{Bac2014,
  title={Adaptivity of averaged stochastic gradient descent to local strong convexity for logistic regression},
  author={Bach, Francis},
  journal={The Journal of Machine Learning Research},
  volume={15},
  number={1},
  pages={595--627},
  year={2014},
  publisher={JMLR. org}
}
@article{Sea2014,
  title={Dropout: a simple way to prevent neural networks from overfitting},
  author={Srivastava, Nitish and Hinton, Geoffrey and Krizhevsky, Alex and Sutskever, Ilya and Salakhutdinov, Ruslan},
  journal={The Journal of Machine Learning Research},
  volume={15},
  number={1},
  pages={1929--1958},
  year={2014},
  publisher={JMLR. org}
}
@article{Tan2013,
  title={Deep learning using linear support vector machines},
  author={Tang, Yichuan},
  journal={arXiv preprint arXiv:1306.0239},
  year={2013}
}
@inproceedings{rahimi2008random,
  title={Random features for large-scale kernel machines},
  author={Rahimi, Ali and Recht, Benjamin},
  booktitle={Advances in Neural Information Processing Systems},
  pages={1177--1184},
  year={2008}
}